<record><leader>00000cas a2200000 a 4500</leader><controlfield tag="001">12930986</controlfield><controlfield tag="008">851218d187918uuksuwr ne      0    0eng d</controlfield><datafield ind1=" " ind2=" " tag="010"><subfield code="a">sn 85067141 </subfield></datafield><datafield ind1=" " ind2=" " tag="040"><subfield code="a">KSH</subfield><subfield code="b">eng</subfield><subfield code="c">KSH</subfield><subfield code="d">NPT</subfield><subfield code="d">OCL</subfield><subfield code="d">OCLCQ</subfield></datafield><datafield ind1=" " ind2=" " tag="042"><subfield code="a">msc</subfield></datafield><datafield ind1="0" ind2=" " tag="130"><subfield code="a">Kansas Valley times (Rossville, Kan. : 1879)</subfield></datafield><datafield ind1="1" ind2="0" tag="245"><subfield code="a">Kansas Valley times.</subfield></datafield><datafield ind1=" " ind2=" " tag="260"><subfield code="a">Rossville, Kan. :</subfield><subfield code="b">O. LeRoy Sedgwick,</subfield><subfield code="c">1879-</subfield></datafield><datafield ind1=" " ind2=" " tag="300"><subfield code="a">v. ;</subfield><subfield code="c">60-65 cm.</subfield></datafield><datafield ind1=" " ind2=" " tag="310"><subfield code="a">Weekly</subfield></datafield><datafield ind1="0" ind2=" " tag="362"><subfield code="a">Vol. 4, no. 1 (Feb. 7, 1879)-</subfield></datafield><datafield ind1=" " ind2=" " tag="500"><subfield code="a">Published by: W.M. Jones, June 16-July 7, 1882; People's Mining and Land Exchange, July 14, 1882; Kansas Valley Pub. Co., July 22, 1882-</subfield></datafield><datafield ind1=" " ind2=" " tag="752"><subfield code="a">United States</subfield><subfield code="b">Kansas</subfield><subfield code="c">Shawnee</subfield><subfield code="d">Rossville.</subfield></datafield><datafield ind1="0" ind2="0" tag="785"><subfield code="t">Chips (Topeka, Kan.)</subfield><subfield code="w">(DLC)sn 85067134</subfield></datafield><datafield ind1="1" ind2=" " tag="029"><subfield code="a">AU@</subfield><subfield code="b">000022171163</subfield></datafield></record>